@article{marconciniOutliningWhereHumans2020,
  title = {Outlining Where Humans Live, the {{World Settlement Footprint}} 2015},
  author = {Marconcini, Mattia and {Metz-Marconcini}, Annekatrin and {\"U}reyen, Soner and {Palacios-Lopez}, Daniela and Hanke, Wiebke and Bachofer, Felix and Zeidler, Julian and Esch, Thomas and Gorelick, Noel and Kakarla, Ashwin and Paganini, Marc and Strano, Emanuele},
  year = {2020},
  month = jul,
  journal = {Scientific Data},
  volume = {7},
  number = {1},
  pages = {242},
  issn = {2052-4463},
  doi = {10.1038/s41597-020-00580-5},
}
