@article{Liu_glc_fcs30_v2_2022,
	title = {Algorithm, Progresses, Datasets and Validation of GLC_FCS30D: the first global 30 m land-cover dynamic product with fine classification system from 1985 to 2022},
	volume = {2},
	shorttitle = {{GLC}\_FCS30\_v2},
	url = {https://isprs-annals.copernicus.org/articles/X-2-2024/137/2024/},
	doi = {10.5194/isprs-annals-X-2-2024-137-2024},
	language = {English},
	journal = {ISPRS Annals of the Photogrammetry, Remote Sensing and Spatial Information Sciences},
	author = {Liu, L. and Zhang, X.}
	year = {2024},
	pages = {137-143},
}
