@article{marconciniUnderstandingCurrentTrends2021,
  title = {Understanding {{Current Trends}} in {{Global Urbanisation}} - {{The World Settlement Footprint Suite}}},
  author = {Marconcini, Mattia and Marconcini, Annekatrin Metz- and Esch, Thomas and Gorelick, Noel},
  year = {2021},
  month = jun,
  journal = {GI\_Forum 2021,},
  volume = {Volume 9,},
  pages = {33--38},
  issn = {2308-1708},
  doi = {10.1553/giscience2021_01_s33},
}


