@misc{winklerHILDAGlobalLand2020,
  title = {{{HILDA}}+ {{Global Land Use Change}} between 1960 and 2019},
  author = {Winkler, Karina and Fuchs, Richard and Rounsevell, Mark D. A. and Herold, Martin},
  year = {2020},
  publisher = {PANGAEA},
  doi = {10.1594/PANGAEA.921846},
  urldate = {2025-05-26},
  abstract = {Winkler, Karina; Fuchs, Richard; Rounsevell, Mark D A; Herold, Martin (2020): HILDA+ Global Land Use Change between 1960 and 2019 [dataset]. PANGAEA, https://doi.org/10.1594/PANGAEA.921846},
  copyright = {info:eu-repo/semantics/openAccess},
  langid = {english},
  file = {files/9/PANGAEA.html}
}
